@article{Davies2024,
  author  = {Davies, B. and McNabb, R. and Bendle, J. et al.},
  title   = {Accelerating glacier volume loss on Juneau Icefield driven by hypsometry and melt-accelerating feedbacks},
  journal = {Nature Communications},
  volume  = {15},
  pages   = {5099},
  year    = {2024},
  doi     = {10.1038/s41467-024-49269-y},
  url     = {https://doi.org/10.1038/s41467-024-49269-y}
}

@misc{glacier_limit,
  author       = {Wrangell Sentinel},
  title        = {Tour operators will exceed visitor limit at Juneau's Mendenhall Glacier},
  howpublished = {\emph{The oldest continuously published newspaper in Alaska}},
  year         = {2023},
  url          = {https://www.wrangellsentinel.com/story/2023/07/19/news/tour-operators-will-exceed-visitor-limit-at-juneaus-mendenhall-glacier/12096.html}
}

@misc{glacier_visitors_2022,
  author = {United States Department of Agriculture},
  title  = {Glacier visitor data: 443,000},
  year   = {2022},
  url    = {https://www.govinfo.gov/content/pkg/GOVPUB-A13-PURL-gpo222163/pdf/GOVPUB-A13-PURL-gpo222163.pdf}
}

@misc{tourism_survey,
  author = {City of Juneau},
  title  = {Juneau Tourism Survey Report (2021-2023)},
  year   = {2023},
  url    = {https://juneau.org/wp-content/uploads/2021/12/Juneau-Tourism-Survey-Report-REV-12_1_21-1.pdf}
}

@misc{economic_indicators,
  author = {Juneau Economic Development Council},
  title  = {The Juneau \& Southeast Alaska Economic Indicators Reports (2012-2024)},
  year   = {2024},
  url    = {https://www.jedc.org/wp-content/uploads/2024/11/2024-JEDC-Juneau-SEAK-Economic-Indicators-and-Outlook-Report.pdf}
}

@misc{visitor_circulator,
  author = {City of Juneau},
  title  = {Juneau Visitor Circulator Study Final Report},
  year   = {2024},
  url    = {https://juneau.org/wp-content/uploads/2024/02/Juneau-Visitor-Circulator-Study-Final-Report-2024-1.pdf}
}

@misc{carbon_emission,
  author = {U.S. Environmental Protection Agency},
  title  = {EPA Greenhouse Gas Reporting Program: Aggregated County Data},
  url    = {https://www.epa.gov/ghgreporting},
  note   = {n.d.}
}

@article{tax_environment,
  author  = {Anonymous},
  title   = {The effect of government expenditure on the environment: An empirical investigation},
  journal = {Ecological Economics},
  year    = {2013},
  doi     = {10.1016/j.ecolecon.2013.04.002},
  url     = {https://doi.org/10.1016/j.ecolecon.2013.04.002}
}

@misc{hotel_tax,
  author = {City of Juneau},
  title  = {Administrative Guidelines: Hotel/Motel Room Tax Procedure 700},
  year   = {2020},
  url    = {https://juneau.org/index.php?gf-download=2020%2F01%2F700_Hotel-Motel_Tax_Procedures_2020.pdf}
}

@misc{housing_cost,
  author = {National Association of Home Builders},
  title  = {Housing Economics: Residential Building Cost and Income Ratio},
  url    = {https://www.nahb.org/news-and-economics/housing-economics},
  note   = {n.d.}
}

@misc{carbon_tax_effect,
  author = {Alaska Carbon Reduction Fund},
  title  = {Tax implications for carbon emissions},
  url    = {https://akcarbonreduction.org/},
  note   = {n.d.}
}
